<?xml version="1.0" encoding="UTF-8"?><collection xmlns="http://www.loc.gov/MARC21/slim"><record><leader>00503nam--2200181-i-4500</leader><controlfield tag="001">000024036</controlfield><controlfield tag="002">20161230</controlfield><controlfield tag="005">20161230201035</controlfield><controlfield tag="008">060222s1000------------r-----000-0-eng-d</controlfield><datafield ind1=" " ind2=" " tag="020"><subfield code="a">3540101381</subfield></datafield><datafield ind1=" " ind2=" " tag="040"><subfield code="a">IFIN-HH</subfield></datafield><datafield ind1=" " ind2=" " tag="080"><subfield code="a">524.834=03.30=20</subfield></datafield><datafield ind1="1" ind2=" " tag="100"><subfield code="a">Heidmann, Jean</subfield></datafield><datafield ind1="1" ind2="0" tag="245"><subfield code="a">Relativistic cosmology. an introduction</subfield><subfield code="b">Translated by s.and j. mitton</subfield><subfield code="c">Jean heidmann</subfield></datafield><datafield ind1=" " ind2=" " tag="260"><subfield code="a">Berlin</subfield><subfield code="b">Springer-verlag</subfield><subfield code="c">1980</subfield></datafield><datafield ind1=" " ind2=" " tag="300"><subfield code="a">XV + 168P</subfield></datafield><datafield ind1=" " ind2=" " tag="852"><subfield code="a">49156</subfield><subfield code="c">523</subfield></datafield><datafield ind1=" " ind2=" " tag="CAT"><subfield code="a">Sys</subfield><subfield code="c">20131112</subfield><subfield code="h">160921</subfield></datafield></record></collection>